@article{anleitung,
  title = {FP2-Versuch: Rasterkraftmikroskopie},
  author = {Tu Dortmund},
}


@online{CD,
  title = {{Kompendium} Compactdisc},
  url = {https://kompendium.infotip.de/compactdisc-cd.html},
  urldate = {\today}
}


@online{DVD,
  title = {{Kompendium} DVD-Digital Versatile Disc},
  url = {https://www.elektronik-kompendium.de/sites/com/0507171.htm},
  urldate = {\today}
}

@online{DVD2,
  title = {{Wikipedia} Comparison: CD/DVD/HDDVD/BD},
  url = {https://commons.wikimedia.org/wiki/File:Comparison_CD_DVD_HDDVD_BD.svg},
  urldate = {\today}
}

@online{Blu-Ray,
  title = {{Kompendium} Blue-Ray Disc},
  url = {https://kompendium.infotip.de/blu-ray-disc-bd.html},
  urldate = {\today}
}

@online{CD_Größe,
  title = {CD-Beugung und Speicherkapazität einer CD},
  url = {http://www.brucherseifer.ostwaldportal.de/optik/Speicherkapazitaet%20einer%20CD.pdf},
  urldate = {\today}
}
@online{P,
  title = {Properties Handbook},
  url = {http://www.rjchase.com/ptfe_handbook.pdf},
  urldate = {\today}
}

@online{CD2,
  title = {Grundlagen: CD-ROM},
  url = {https://www.tecchannel.de/a/grundlagen-cd-rom,401389,7},
  urldate = {\today}
}


@article{Elasti,
author = {Touhami, Ahmed and Nysten, Bernard and Dufrêne, Yves F.},
title = {Nanoscale Mapping of the Elasticity of Microbial Cells by Atomic Force Microscopy},
journal = {Langmuir},
volume = {19},
number = {11},
pages = {4539-4543},
year = {2003},
doi = {10.1021/la034136x},

URL = { 
        https://doi.org/10.1021/la034136x
    
},
eprint = { 
        https://doi.org/10.1021/la034136x
    
}

}

