@article{matplotlib,
  author = "Hunter, John D.",
  title = "{Matplotlib}: A {2D} Graphics Environment",
  publisher = "IEEE",
  year = "2007",
  journal = "Computing in Science \& Engineering",
  volume = "9",
  number = "3",
  pages = "90--95",
  url = "http://matplotlib.org/",
  version = "1.4.3",
}

@article{numpy,
  author = "Oliphant, Travis E.",
  title = "{NumPy}: {Python} for Scientific Computing",
  publisher = "IEEE",
  year = "2007",
  journal = "Computing in Science \& Engineering",
  volume = "9",
  number = "3",
  pages = "10--20",
  url = "http://www.numpy.org/",
  version = "1.9.2",
}

@article{Gwyddion,
  title={Gwyddion: an open-source software for SPM data analysis},
  author={Ne{\v{c}}as, David and Klapetek, Petr},
  journal={Open Physics},
  volume={10},
  number={1},
  pages={181--188},
  year={2012},
  publisher={De Gruyter Open Access},
  url = {http://gwyddion.net/}
  
}