@manual{anleitung,
  title = {FP2-Versuch: Photolumineszenz von kolloidalen Nanokristallen},
  author = {Tu Dortmund},
}

@manual{Manipulation,
  title = {Elektrische Manipulation der Lichtemission von einzelnen CdSe/CdS Nanostäbchen},
  author = {Josef Müller},
}

@article{Rods,
author = {Jiangtao Hu  and Liang-shi Li  and Weidong Yang  and Liberato Manna  and Lin-wang Wang  and A. Paul Alivisatos },
title = {Linearly Polarized Emission from Colloidal Semiconductor Quantum Rods},
journal = {Science},
volume = {292},
number = {5524},
pages = {2060-2063},
year = {2001},
doi = {10.1126/science.1060810},
URL = {https://www.science.org/doi/abs/10.1126/science.1060810},
eprint = {https://www.science.org/doi/pdf/10.1126/science.1060810},
}

@article{Farben,
author = {Y. E. Panfil et al.},
title = {Kolloidale Quantennanostrukturen: neue Materialien für Displayanwendungen},
journal = {Angw. Chem.},
volume = {130},
number = {4354},
year = {2018},
}

@article{Photolumineszenz,
author = {L. Karsten},
title = {Photolumineszenzspektroskopie am Halbleiterquantenpunkten},
journal = {Dissertation, Cuvillier Verlag Göttingen},
year = {2008},
}
