@manual{anleitung,
  title = {FP2-Versuch: Autokorrelation},
  author = {Tu Dortmund},
}

@article{Pulsform,
  title = {Wie misst man kurze Laserpulse? - Welche Verfahren gibt es?},
  author = {Steinmeyer, G.},
  year = {2005},
  journal = {Laser Technik Journal},
  volume = {2},
}

