@manual{anleitung,
  title = {FP2-Versuch: Rasterkraftmikroskopie},
  author = {Tu Dortmund},
}

@article{atomic_force_microscope,
  title = {Atomic Force Microscope},
  author = {Binnig, G.; Quate, C. F.},
  year = {1986},
  journal = {Phys. Rev. Lett.},
  volume = {56},
}


@manual{ref10,
  title = {Optical Trapping},
  author = {MIT Department of Physics},
  year = {2017},
}

@article{AFM_image_artifacts,
  title = {AFM image artifacts},
  author = {Golek, Mazur, Ryska},
  year = {2014},
  journal = {Applied Surface Science},
  volume = {304},
}

@article{Compensation_of_Scanner_Creep,
  title = {Compensation of Scanner Creep and Hysteresis for AFM Nanomanipulation},
  author = {Mokaberi, B.; Requicha, A.A.G.},
  year = {2008},
  journal = {IEEE Transactions on Automation Science and Engineering},
  volume = {5},
}

@book{voigtlaender,
  title = {Scanning Probe Microscopy – Atomic Force Microscopy and Scanning Tunneling Microscopy},
  author = {B. Voigtländer},
  year = {2015},
  publisher = {Springer},
}


@online{CD,
  title = {{Kompendium} Compactdisc},
  url = {https://kompendium.infotip.de/compactdisc-cd.html},
}

@article{Elasti,
author = {Touhami, Ahmed and Nysten, Bernard and Dufrêne, Yves F.},
title = {Nanoscale Mapping of the Elasticity of Microbial Cells by Atomic Force Microscopy},
journal = {Langmuir},
volume = {19},
number = {11},
pages = {4539-4543},
year = {2003},
doi = {10.1021/la034136x},

URL = { 
        https://doi.org/10.1021/la034136x
    
},
eprint = { 
        https://doi.org/10.1021/la034136x
    
}

}

